%
% Introduction
%
@online{ofcom:online,
  author = {Ofcom},
  title  = {Fast Facts},
  month  = {Feb},
  year   = {2013},
  url    = {http://media.ofcom.org.uk/files/2012/07/CMR-Fast-Facts-2012\.pdf}
}

@inbook{webb10,
  author    = {William Webb},
  title     = {Being mobile : future wireless technologies and applications},
  publisher = {Cambridge University Press},
  edition   = {first},
  year      = {2010}
}

%
% Research
%

@online{rae:2012:Online,
  author = {RAE},
  title  = {Language Teaching Materials in RAE Submissions},
  month  = {Nov},
  year   = {2012},
  url    = {http://www.rae.ac.uk/2001/Pubs/briefing/note13\.htm}
}

@online{oxford_dictionary:2012:Online,
  author = {Oxford Dictionary},
  title  = {Oxford English Dictionary},
  month  = {Nov},
  year   = {2012},
  url    = {http://www.oxforddictionaries\.com}
}

@inbook{vaishnavi07,
  author    = {Vijay K. Vaishnavi and William Kuechler Jr.},
  title     = {Design Science Research Methods and Patterns: 
               Innovating Information and Communication Technology},
  publisher = {Auerbach Publications},
  edition   = {first},
  year      = {2007}
}

@inbook{dawson09,
  author     = {Christian W. Dawson},
  title      = {Projects in Computing and Information Systems: A Student's Guide},
  publisher  = {Addison Wesley},
  edition    = {second},
  year       = {2009}
}

@inbook{sharp02,
  author     = {John A. Sharp and Keith Howard and John Peters},
  title      = {The Management of a Student Research Project},
  publisher  = {Gower Publishing Ltd},
  edition    = {third},
  year       = {2002}
}

@inbook{cox08,
  author     = {Christopher Cox},
  title      = {Essentials of UMTS},
  publisher  = {Cambridge University Press},
  edition    = {first},
  year       = {2008}
}

@inbooklet{mpirical10,
  author = {Mpirical},
  title  = {The Mobile Network Explained For Research In Motion},
  year   = {2010},
  month  = {October}
}

@misc{umtsworld,
  author = {UMTS World},
  title  = {UMTS RCC States},
  month  = {December},
  year   = {2012},
  url    = {http://www.umtsworld.com/technology/RCC\_states.htm}
}

@inbook{tan05,
  author     = {Pang-Ning Tan and Michael Steinbach and Vipin Kumar},
  title      = {Introduction to Data Mining},
  publisher  = {Addison Wesley},
  edition    = {first},
  year       = {2005}
}

@inbook{everitt74,
  author     = {Brian Everitt},
  title      = {Cluster Analysis},
  publisher  = {Heinemann Educational Publishers},
  edition    = {first},
  year       = {1974}  
}

@inbook{han06,
  author     = {Jiawei Han and Micheline Kamber},
  title      = {Data Mining: Concepts and Techniques},
  publisher  = {Morgan Kaufmann},
  edition    = {second},
  year       = {2006}  
}

@online{ios,
  author = {{Improved Outcomes Software}},
  title  = {K-Means Clustering Overview},
  month  = {December},
  year   = {2012},
  url    = {http://www.improvedoutcomes.com/docs/WebSiteDocs/Clustering/K-Means\_Clustering\_Overview.htm}
}

@online{iosHierarchical,
  author = {{Improved Outcomes Software}},
  title  = {Agglomerative Hierarchical Clustering Overview},
  month  = {December},
  year   = {2012},
  url    = {http://www.improvedoutcomes.com/docs/WebSiteDocs/Clustering/Agglomerative\_Hierarchical\_Clustering\_Overview.htm}
}

@inbook{riccardo09,
  author     = {Riccardo Mazza},
  title      = {Introduction to Information Visualization},
  publisher  = {Springer London Ltd},
  edition    = {first},
  year       = {2009}
}

@inbook{jacobson09,
  author     = {Robert Jacobson},
  title      = {Information Design},
  publisher  = {MIT Press},
  edition    = {first},
  year       = {2000}
}

@inbook{kosslyn06,
  author     = {Stephen M. Kosslyn},
  title      = {Graph Design for the Eye and Mind},
  publisher  = {MIT Press},
  edition    = {first},
  year       = {2006}
}

@article{grice75,
  author    = {Paul Grice},
  title     = {Logic and Conversation},
  journal   = {Syntax and Semantics},
  volume    = {3},
  pages     = {41â€“-58},
  year      = {1975}
}

%
% Requirements
%
@inbook{cadle10,
  author     = {James Cadle and Malcolm Eva and Keith Hindle and Debra Paul
                and Craig Rollaston and Dot Tudor and Donald Yeates},
  title      = {Business Analysis},
  publisher  = {British Computer Society},
  edition    = {second},
  year       = {2010}
}

@inbook{brennan09,
  author     = {Kevin Brennan},
  title      = {A Guide to the Business Analysis Body of Knowledge},
  publisher  = {International Institute of Business Analysis},
  edition    = {second},
  year       = {2009}
}

@inbook{clegg94,
  author     = {Dia Clegg and Richard Barker},
  title      = {Case Method: Fast-Track - A RAD Approach},
  publisher  = {Addison Wesley},
  edition    = {first},
  year       = {1994}
}


%
% Product Specification
%
@online{google:KML,
  author  = {{Google Inc.}},
  title   = {KML Tutorial},
  month   = {Jan},
  year    = {2013},
  url     = {https://developers.google.com/kml/documentation/kml\_tut}
}



%
% Design
%
@inbook{lunn03,
  author     = {Ken Lunn},
  title      = {Software Development with UML},
  publisher  = {Palgrave MacMillian},
  edition    = {first},
  year       = {2003}
}


%
% Chapter 5: Software Development Methodology
%
@inbook{knott_dawson99,
  author     = {R.P. Knott and R.J. Dawson},
  title      = {Software Project Management},
  publisher  = {Group D Publications Ltd},
  year       = {1999}
}

@inbook{elliott04,
  author     = {Prof Geoffrey Elliott},
  title      = {Global Business Information Technology: An Integrated Systems Approach},
  publisher  = {Addison Wesley},
  edition    = {first},
  year       = {2004}
}

% dawson09 is also used here.

@inbook{pressman09,
  author     = {Roger Pressman},
  title      = {Software Engineering: A Practitioner's Approach},
  publisher  = {McGraw-Hill Higher Education},
  edition    = {seventh},
  year       = {2009}
}

@inbook{hughes_cotterell09
  author     = {Bob Hughes and Mike Cotterell},
  title      = {Software Project Management},
  publisher  = {McGraw-Hill Higher Education},
  edition    = {five},
  year       = {2009}
}

@online{SDT:2012:Online,
  author  = {SoftDevTeam},
  title   = {Incremental lifecycle model},
  month   = {Nov},
  year    = {2012},
  url     = {http://www.softdevteam.com/Incremental-lifecycle.asp}
}

@online{sergei:2012:Online,
  author  = {Sergei Kostigoff},
  title   = {Methodology:: Development Models},
  month   = {Nov},
  year    = {2012},
  url     = {http://myprojects.kostigoff.net/methodology/development\_models/development\_models\.htm}
}

@online{alam:2012:Online,
  author  = {Shah Newaz Alam},
  title   = {Waterfall Model Advantages and Disadvantages},
  month   = {Nov},
  year    = {2012},
  url     = {http://www.buzzle.com/articles/waterfall-model-advantages-and-disadvantages\.html}
}


%%
% Implementation
%%
@online{gheat,
  author  = {Chad W. L. Whitacre},
  title   = {gHeat - heatmaps for Google Maps},
  month   = {Nov},
  year    = {2012},
  url     = {http://code.google.com/p/gheat/} 
}

@online{vester,
  author  = {Dylan Vester},
  title   = {Creating Heat Maps with .NET 2.0 (C\#)},
  month   = {Nov},
  year    = {2012},
  url     = {http://dylanvester.com/post/Creating-Heat-Maps-with-NET-20-(C-Sharp)\.aspx} 
}

@online{d3js,
  author  = {Mike Bostock},
  title   = {Data-Driven Documents},
  month   = {Feb},
  year    = {2013},
  url     = {http://www.d3js.org/} 
}